@misc{yu2019attributing,
      title={Attributing Fake Images to GANs: Learning and Analyzing GAN Fingerprints}, 
      author={Ning Yu and Larry Davis and Mario Fritz},
      year={2019},
      eprint={1811.08180},
      archivePrefix={arXiv},
      primaryClass={cs.CV}
}

@article{WARIF2016259,
title = {Copy-move forgery detection: Survey, challenges and future directions},
journal = {Journal of Network and Computer Applications},
volume = {75},
pages = {259-278},
year = {2016},
issn = {1084-8045},
doi = {https://doi.org/10.1016/j.jnca.2016.09.008},
url = {https://www.sciencedirect.com/science/article/pii/S1084804516302144},
author = {Nor Bakiah Abd Warif and Ainuddin Wahid Abdul Wahab and Mohd Yamani Idna Idris and Roziana Ramli and Rosli Salleh and Shahaboddin Shamshirband and Kim-Kwang Raymond Choo},
keywords = {Copy-move forgery, Image forgery, Blind detection, Copied region, Image forensics},
abstract = {The authenticity and reliability of digital images are increasingly important due to the ease in modifying such images. Thus, the capability to identify image manipulation is a current research focus, and a key domain in digital image authentication is Copy-move forgery detection (CMFD). Copy-move forgery is the process of copying and pasting from one region to another location within the same image. In this paper, we survey the recent developments in CMFD, and describe the entire CMFD process involved. Specifically, we characterize the common CMFD workflow of feature extraction and matching process using block or keypoint-based approaches. Instead of listing the datasets and validations used in the literature, we also categorize the types of copied regions. Finally, we also outline a number of future research directions.}
}

@misc{marra2018gans,
      title={Do GANs leave artificial fingerprints?}, 
      author={Francesco Marra and Diego Gragnaniello and Luisa Verdoliva and Giovanni Poggi},
      year={2018},
      eprint={1812.11842},
      archivePrefix={arXiv},
      primaryClass={cs.CV}
}


@misc{zhang2019detecting,
      title={Detecting and Simulating Artifacts in GAN Fake Images}, 
      author={Xu Zhang and Svebor Karaman and Shih-Fu Chang},
      year={2019},
      eprint={1907.06515},
      archivePrefix={arXiv},
      primaryClass={cs.CV}
}

@misc{wang2020cnngenerated,
      title={CNN-generated images are surprisingly easy to spot... for now}, 
      author={Sheng-Yu Wang and Oliver Wang and Richard Zhang and Andrew Owens and Alexei A. Efros},
      year={2020},
      eprint={1912.11035},
      archivePrefix={arXiv},
      primaryClass={cs.CV}
}
      
@article{Verdoliva_2020,
	doi = {10.1109/jstsp.2020.3002101},
  
	url = {https://doi.org/10.1109%2Fjstsp.2020.3002101},
  
	year = 2020,
	month = {aug},
  
	publisher = {Institute of Electrical and Electronics Engineers ({IEEE})},
  
	volume = {14},
  
	number = {5},
  
	pages = {910--932},
  
	author = {Luisa Verdoliva},
  
	title = {Media Forensics and {DeepFakes}: An Overview},
  
	journal = {{IEEE} Journal of Selected Topics in Signal Processing}
}

@misc{frank2020leveraging,
      title={Leveraging Frequency Analysis for Deep Fake Image Recognition}, 
      author={Joel Frank and Thorsten Eisenhofer and Lea Schönherr and Asja Fischer and Dorothea Kolossa and Thorsten Holz},
      year={2020},
      eprint={2003.08685},
      archivePrefix={arXiv},
      primaryClass={cs.CV}
}

@misc{chai2020makes,
      title={What makes fake images detectable? Understanding properties that generalize}, 
      author={Lucy Chai and David Bau and Ser-Nam Lim and Phillip Isola},
      year={2020},
      eprint={2008.10588},
      archivePrefix={arXiv},
      primaryClass={cs.CV}
}

@misc{gragnaniello2021gan,
      title={Are GAN generated images easy to detect? A critical analysis of the state-of-the-art}, 
      author={Diego Gragnaniello and Davide Cozzolino and Francesco Marra and Giovanni Poggi and Luisa Verdoliva},
      year={2021},
      eprint={2104.02617},
      archivePrefix={arXiv},
      primaryClass={cs.CV}
}

@misc{farid2022lighting,
      title={Lighting (In)consistency of Paint by Text}, 
      author={Hany Farid},
      year={2022},
      eprint={2207.13744},
      archivePrefix={arXiv},
      primaryClass={cs.CV}
}

@misc{corvi2022detection,
      title={On the detection of synthetic images generated by diffusion models}, 
      author={Riccardo Corvi and Davide Cozzolino and Giada Zingarini and Giovanni Poggi and Koki Nagano and Luisa Verdoliva},
      year={2022},
      eprint={2211.00680},
      archivePrefix={arXiv},
      primaryClass={cs.CV}
}

@misc{thing2023deepfake,
      title={Deepfake Detection with Deep Learning: Convolutional Neural Networks versus Transformers}, 
      author={Vrizlynn L. L. Thing},
      year={2023},
      eprint={2304.03698},
      archivePrefix={arXiv},
      primaryClass={cs.CR}
}

@misc{corvi2023intriguing,
      title={Intriguing properties of synthetic images: from generative adversarial networks to diffusion models}, 
      author={Riccardo Corvi and Davide Cozzolino and Giovanni Poggi and Koki Nagano and Luisa Verdoliva},
      year={2023},
      eprint={2304.06408},
      archivePrefix={arXiv},
      primaryClass={cs.CV}
}

@misc{farid2004statisticaltools,
  title={Statistical Tools for Digital Forensics},
  author={A.C. Popescu and H. Farid},
  year={2004}
}

@article{Verdoliva_2020,
   title={Media Forensics and DeepFakes: An Overview},
   volume={14},
   ISSN={1941-0484},
   url={http://dx.doi.org/10.1109/JSTSP.2020.3002101},
   DOI={10.1109/jstsp.2020.3002101},
   number={5},
   journal={IEEE Journal of Selected Topics in Signal Processing},
   publisher={Institute of Electrical and Electronics Engineers (IEEE)},
   author={Verdoliva, Luisa},
   year={2020},
   month=aug, pages={910–932} }

@ARTICLE{1634362,

  author={Lukas, J. and Fridrich, J. and Goljan, M.},

  journal={IEEE Transactions on Information Forensics and Security}, 

  title={Digital camera identification from sensor pattern noise}, 

  year={2006},

  volume={1},

  number={2},

  pages={205-214},

  doi={10.1109/TIFS.2006.873602}}

@misc{frank2020leveraging,
      title={Leveraging Frequency Analysis for Deep Fake Image Recognition}, 
      author={Joel Frank and Thorsten Eisenhofer and Lea Schönherr and Asja Fischer and Dorothea Kolossa and Thorsten Holz},
      year={2020},
      eprint={2003.08685},
      archivePrefix={arXiv},
      primaryClass={cs.CV}
}
@misc{thing2023deepfake,
      title={Deepfake Detection with Deep Learning: Convolutional Neural Networks versus Transformers}, 
      author={Vrizlynn L. L. Thing},
      year={2023},
      eprint={2304.03698},
      archivePrefix={arXiv},
      primaryClass={cs.CR}
}
